@Comment -*- mode: BibTeX; tab-width: 16; -*-
@article {piano,
author = {Zhu, Yuanfeng and Ramakrishnan, Ajay Sundar and Hamann, Bernd and Neff, Michael},
title = {A system for automatic animation of piano performances},
journal = {Computer Animation and Virtual Worlds},
volume = {24},
number = {5},
issn = {1546-427X},
url = {http://dx.doi.org/10.1002/cav.1477},
doi = {10.1002/cav.1477},
pages = {445--457},
keywords = {piano animation, fingering generation, optimization method},
year = {2013},
}

@article{IFA,
 author = {Langlois, Timothy R. and James, Doug L.},
 title = {Inverse-Foley Animation: Synchronizing Rigid-body Motions to Sound},
 journal = {ACM Trans. Graph.},
 issue_date = {July 2014},
 volume = {33},
 number = {4},
 month = jul,
 year = {2014},
 issn = {0730-0301},
 pages = {41:1--41:11},
 articleno = {41},
 numpages = {11},
 url = {http://doi.acm.org/10.1145/2601097.2601178},
 doi = {10.1145/2601097.2601178},
 acmid = {2601178},
 publisher = {ACM},
 address = {New York, NY, USA},
 keywords = {motion control, motion graphs, rigid-body dynamics, sound design, sound rendering, sound synthesis},
} 

@article{JALI,
 author = {Edwards, Pif and Landreth, Chris and Fiume, Eugene and Singh, Karan},
 title = {JALI: An Animator-centric Viseme Model for Expressive Lip Synchronization},
 journal = {ACM Trans. Graph.},
 issue_date = {July 2016},
 volume = {35},
 number = {4},
 month = jul,
 year = {2016},
 issn = {0730-0301},
 pages = {127:1--127:11},
 articleno = {127},
 numpages = {11},
 url = {http://doi.acm.org/10.1145/2897824.2925984},
 doi = {10.1145/2897824.2925984},
 acmid = {2925984},
 publisher = {ACM},
 address = {New York, NY, USA},
 keywords = {audio-visual speech, facial animation, lip synchronization, procedural animation, speech synchronization},
}

@article{james1,
 author = {Zheng, Changxi and James, Doug L.},
 title = {Harmonic Fluids},
 journal = {ACM Trans. Graph.},
 issue_date = {August 2009},
 volume = {28},
 number = {3},
 month = jul,
 year = {2009},
 issn = {0730-0301},
 pages = {37:1--37:12},
 articleno = {37},
 numpages = {12},
 url = {http://doi.acm.org/10.1145/1531326.1531343},
 doi = {10.1145/1531326.1531343},
 acmid = {1531343},
 publisher = {ACM},
 address = {New York, NY, USA},
 keywords = {acoustic bubbles, acoustic transfer, sound synthesis},
}

@article{james2,
 author = {Zheng, Changxi and James, Doug L.},
 title = {Rigid-body Fracture Sound with Precomputed Soundbanks},
 journal = {ACM Trans. Graph.},
 issue_date = {July 2010},
 volume = {29},
 number = {4},
 month = jul,
 year = {2010},
 issn = {0730-0301},
 pages = {69:1--69:13},
 articleno = {69},
 numpages = {13},
 url = {http://doi.acm.org/10.1145/1778765.1778806},
 doi = {10.1145/1778765.1778806},
 acmid = {1778806},
 publisher = {ACM},
 address = {New York, NY, USA},
} 

@article {lee,
 author = {Lee, Hyun-Chul and Lee, In-Kwon},
 title = {Automatic Synchronization of Background Music and Motion in Computer Animation},
 journal = {Computer Graphics Forum},
 volume = {24},
 number = {3},
 publisher = {Blackwell Publishing, Inc},
 issn = {1467-8659},
 url = {http://dx.doi.org/10.1111/j.1467-8659.2005.00860.x},
 doi = {10.1111/j.1467-8659.2005.00860.x},
 pages = {353--361},
 year = {2005},
}

@article{Liao,
 author = {Liao, Zicheng and Yu, Yizhou and Gong, Bingchen and Cheng, Lechao},
 title = {Audeosynth: Music-driven Video Montage},
 journal = {ACM Trans. Graph.},
 issue_date = {August 2015},
 volume = {34},
 number = {4},
 month = jul,
 year = {2015},
 issn = {0730-0301},
 pages = {68:1--68:10},
 articleno = {68},
 numpages = {10},
 url = {http://doi.acm.org/10.1145/2766966},
 doi = {10.1145/2766966},
 acmid = {2766966},
 publisher = {ACM},
 address = {New York, NY, USA},
 keywords = {audio-visual synchresis},
} 

@inproceedings{violin,
 author = {Yin, Jun and Dhanik, Ankur and Hsu, David and Wang, Ye},
 title = {The Creation of a Music-driven Digital Violinist},
 booktitle = {Proceedings of the 12th Annual ACM International Conference on Multimedia},
 series = {MULTIMEDIA '04},
 year = {2004},
 isbn = {1-58113-893-8},
 location = {New York, NY, USA},
 pages = {476--479},
 numpages = {4},
 url = {http://doi.acm.org/10.1145/1027527.1027642},
 doi = {10.1145/1027527.1027642},
 acmid = {1027642},
 publisher = {ACM},
 address = {New York, NY, USA},
 keywords = {animation, inverse kinematics, music transcription},
}